<record><leader>00000cas a2200000 a 4500</leader><controlfield tag="001">9848464</controlfield><controlfield tag="008">830826d18621865maudn ne      0    0eng c</controlfield><datafield ind1=" " ind2=" " tag="010"><subfield code="a">sn 83020965 </subfield></datafield><datafield ind1=" " ind2=" " tag="040"><subfield code="a">NPX</subfield><subfield code="b">eng</subfield><subfield code="c">NPX</subfield><subfield code="d">NPY</subfield><subfield code="d">DLC</subfield><subfield code="d">MGN</subfield><subfield code="d">DLC</subfield><subfield code="d">OCLCQ</subfield><subfield code="d">OCLCF</subfield></datafield><datafield ind1="1" ind2=" " tag="029"><subfield code="a">AU@</subfield><subfield code="b">000020405650</subfield></datafield><datafield ind1=" " ind2=" " tag="042"><subfield code="a">pcc</subfield></datafield><datafield ind1=" " ind2=" " tag="043"><subfield code="a">n-us-ma</subfield></datafield><datafield ind1="0" ind2="0" tag="050"><subfield code="a">Newspaper</subfield></datafield><datafield ind1="0" ind2=" " tag="130"><subfield code="a">Worcester daily transcript (Worcester, Mass. : 1862)</subfield></datafield><datafield ind1="1" ind2="0" tag="245"><subfield code="a">Worcester daily transcript.</subfield></datafield><datafield ind1=" " ind2=" " tag="260"><subfield code="a">Worcester [Mass.] :</subfield><subfield code="b">William R. Hooper,</subfield><subfield code="c">1862-1865.</subfield></datafield><datafield ind1=" " ind2=" " tag="300"><subfield code="a">4 v. ;</subfield><subfield code="c">52-56 cm.</subfield></datafield><datafield ind1=" " ind2=" " tag="310"><subfield code="a">Daily (except Sundaay)</subfield></datafield><datafield ind1="0" ind2=" " tag="362"><subfield code="a">Vol. 12, no. 97 (Apr. 28, 1862)-v. 22, no. 286 (Dec. 30, 1865).</subfield></datafield><datafield ind1=" " ind2=" " tag="500"><subfield code="a">Publisher: C.A. Wall, Apr. 1, 1864-Dec. 30, 1865.</subfield></datafield><datafield ind1=" " ind2=" " tag="500"><subfield code="a">Editor: C.A. Wall, Apr. 1, 1864-Dec. 30, 1865.</subfield></datafield><datafield ind1=" " ind2=" " tag="515"><subfield code="a">Vol. 15 misnumbered v. 22, &lt;June 13, 1865&gt;-Dec. 30, 1865.</subfield></datafield><datafield ind1=" " ind2="0" tag="651"><subfield code="a">Worcester (Mass.)</subfield><subfield code="v">Newspapers.</subfield></datafield><datafield ind1=" " ind2="7" tag="655"><subfield code="a">Newspapers.</subfield><subfield code="2">fast</subfield><subfield code="0">(OCoLC)fst01423814</subfield></datafield><datafield ind1=" " ind2="7" tag="651"><subfield code="a">Massachusetts</subfield><subfield code="z">Worcester.</subfield><subfield code="2">fast</subfield><subfield code="0">(OCoLC)fst01207904</subfield></datafield><datafield ind1=" " ind2=" " tag="752"><subfield code="a">United States</subfield><subfield code="b">Massachusetts</subfield><subfield code="c">Worcester</subfield><subfield code="d">Worcester.</subfield></datafield><datafield ind1="0" ind2="0" tag="780"><subfield code="t">Worcester transcript (Worcester, Mass. : 1859)</subfield><subfield code="w">(DLC)sn 83020964</subfield><subfield code="w">(OCoLC)9848341</subfield></datafield><datafield ind1="0" ind2="0" tag="785"><subfield code="t">Worcester evening gazette</subfield><subfield code="w">(DLC)sn 83020968</subfield><subfield code="w">(OCoLC)9844016</subfield></datafield></record>